74800000         200000000000000                    PROBA 0000000022340 COMPANY CO.                   SICREDI                                 12706202020591500000108101600                                                                     
74800011R01  040 2000000000000000                    PROBA 0000000022340 COMPANY CO.                                                                                                   000000012706202000000000                                 
7480001300001P 01PROBA 0000000022340 202000014           111220000000000000012706202000000000001000000000 05N27062020100000000000000000000003100000000000000000000000000000000000000000000000000000                         3001060090000000000 
7480001300002Q 011000099999999999CLIENTE                                 RUA UM, 123                             BAIRRO         99999999CIDADE         UF0000000000000000                                        000                            
7480001300003R 01000000000  0000000000000                        227062020  0000000000100                                                                                                              00000000748PROBA 0000000022349           
74800015         0000050000000000000000000000000000000000000000000000000000000000000000000000000000000000000000000000000000                                                                                                                     
74899999         000001000007000000                                                                                                                                                                                                             
